<?xml version="1.0" encoding="UTF-8"?><record xmlns="http://www.loc.gov/MARC21/slim" xmlns:cinclude="http://apache.org/cocoon/include/1.0" xmlns:zs="http://www.loc.gov/zing/srw/">
  <leader>01305cz  a2200265n  4500</leader>
  <controlfield tag="001">no 98093404 </controlfield>
  <controlfield tag="003">DLC</controlfield>
  <controlfield tag="005">20020508124033.0</controlfield>
  <controlfield tag="008">980623n| acaabaaa           |a ana     c</controlfield>
  <datafield tag="010" ind1=" " ind2=" ">
    <subfield code="a">no 98093404 </subfield>
  </datafield>
  <datafield tag="035" ind1=" " ind2=" ">
    <subfield code="a">(OCoLC)oca04756655</subfield>
  </datafield>
  <datafield tag="040" ind1=" " ind2=" ">
    <subfield code="a">TxU</subfield>
    <subfield code="c">TxU</subfield>
  </datafield>
  <datafield tag="130" ind1=" " ind2="0">
    <subfield code="a">Colección Tecnología.</subfield>
    <subfield code="p">Serie Arquitectura</subfield>
  </datafield>
  <datafield tag="430" ind1=" " ind2="0">
    <subfield code="a">Tecnología.</subfield>
    <subfield code="p">Serie Arquitectura</subfield>
  </datafield>
  <datafield tag="430" ind1=" " ind2="0">
    <subfield code="a">Serie Arquitectura (Mérida, Venezuela)</subfield>
  </datafield>
  <datafield tag="430" ind1=" " ind2="0">
    <subfield code="a">Arquitectura (Mérida, Venezuela)</subfield>
  </datafield>
  <datafield tag="410" ind1="2" ind2="0">
    <subfield code="a">Universidad de los Andes (Mérida, Venezuela).</subfield>
    <subfield code="b">Consejo de Publicaciones.</subfield>
    <subfield code="t">Colección Tecnología.</subfield>
    <subfield code="p">Serie Arquitectura</subfield>
  </datafield>
  <datafield tag="410" ind1="2" ind2="0">
    <subfield code="a">Universidad de los Andes (Mérida, Venezuela).</subfield>
    <subfield code="b">Consejo de Estudios de Post-grado.</subfield>
    <subfield code="t">Colección Tecnología.</subfield>
    <subfield code="p">Serie Arquitectura</subfield>
  </datafield>
  <datafield tag="530" ind1=" " ind2="0">
    <subfield code="a">Textos de la Universidad de los Andes.</subfield>
    <subfield code="p">Colección Tecnología.</subfield>
    <subfield code="p">Serie Arquitectura</subfield>
  </datafield>
  <datafield tag="643" ind1=" " ind2=" ">
    <subfield code="a">Mérida, Venezuela</subfield>
    <subfield code="b">Consejo de Publicaciones, ULA</subfield>
    <subfield code="b">Consejo de Estudios de Postgrado</subfield>
  </datafield>
  <datafield tag="644" ind1=" " ind2=" ">
    <subfield code="a">f</subfield>
    <subfield code="5">DLC</subfield>
    <subfield code="5">TxU</subfield>
  </datafield>
  <datafield tag="645" ind1=" " ind2=" ">
    <subfield code="a">t</subfield>
    <subfield code="5">DLC</subfield>
    <subfield code="5">TxU</subfield>
  </datafield>
  <datafield tag="646" ind1=" " ind2=" ">
    <subfield code="a">s</subfield>
    <subfield code="5">DLC</subfield>
    <subfield code="5">TxU</subfield>
  </datafield>
  <datafield tag="670" ind1=" " ind2=" ">
    <subfield code="a">Arquitectura tradicional del alto páramo venezolano, 1993:</subfield>
    <subfield code="b">verso of t.p. (Colección Tecnología. Serie Arquitectura)</subfield>
  </datafield>
  <datafield tag="675" ind1=" " ind2=" ">
    <subfield code="a">LC data base, June 18, 1998 (hdg.: Textos de la Universidad de los Andes. Colección Tecnología. Serie Arquitectura)</subfield>
  </datafield>
</record>